<record><leader>00000cas a22000007a 4500</leader><controlfield tag="001">34975235</controlfield><controlfield tag="008">960622d19171918okuwr n       0    0eng d</controlfield><datafield ind1=" " ind2=" " tag="010"><subfield code="a">sn 96087869 </subfield></datafield><datafield ind1=" " ind2=" " tag="040"><subfield code="a">OBN</subfield><subfield code="b">eng</subfield><subfield code="c">OBN</subfield><subfield code="d">OCLCQ</subfield><subfield code="d">OCLCF</subfield><subfield code="d">OCLCO</subfield></datafield><datafield ind1="1" ind2=" " tag="029"><subfield code="a">AU@</subfield><subfield code="b">000012570624</subfield></datafield><datafield ind1=" " ind2=" " tag="042"><subfield code="a">msc</subfield></datafield><datafield ind1=" " ind2=" " tag="043"><subfield code="a">n-us-ok</subfield></datafield><datafield ind1="0" ind2=" " tag="130"><subfield code="a">Mangum star (Mangum, Okla. : 1917)</subfield></datafield><datafield ind1="1" ind2="4" tag="245"><subfield code="a">The Mangum star.</subfield></datafield><datafield ind1=" " ind2=" " tag="260"><subfield code="a">Mangum, Greer County, Okla. :</subfield><subfield code="b">Greer County Pub. Co.</subfield></datafield><datafield ind1=" " ind2=" " tag="300"><subfield code="a">v.</subfield></datafield><datafield ind1=" " ind2=" " tag="310"><subfield code="a">Weekly</subfield></datafield><datafield ind1="0" ind2=" " tag="362"><subfield code="a">Vol. 29, no. 48 (May 17, 1917)-v. 31, no. 2 (June 27, 1918).</subfield></datafield><datafield ind1=" " ind2="0" tag="651"><subfield code="a">Mangum (Okla.)</subfield><subfield code="v">Newspapers.</subfield></datafield><datafield ind1=" " ind2="0" tag="651"><subfield code="a">Greer County (Okla.)</subfield><subfield code="v">Newspapers.</subfield></datafield><datafield ind1=" " ind2="7" tag="655"><subfield code="a">Newspapers.</subfield><subfield code="2">fast</subfield><subfield code="0">(OCoLC)fst01423814</subfield></datafield><datafield ind1=" " ind2="7" tag="651"><subfield code="a">Oklahoma</subfield><subfield code="z">Greer County.</subfield><subfield code="2">fast</subfield><subfield code="0">(OCoLC)fst01215602</subfield></datafield><datafield ind1=" " ind2="7" tag="651"><subfield code="a">Oklahoma</subfield><subfield code="z">Mangum.</subfield><subfield code="2">fast</subfield><subfield code="0">(OCoLC)fst01220556</subfield></datafield><datafield ind1=" " ind2=" " tag="752"><subfield code="a">United States</subfield><subfield code="b">Oklahoma</subfield><subfield code="c">Greer</subfield><subfield code="d">Mangum.</subfield></datafield><datafield ind1="0" ind2="5" tag="780"><subfield code="t">Brinkman courier</subfield><subfield code="w">(DLC)sn 96087870</subfield><subfield code="w">(OCoLC)34975335</subfield></datafield><datafield ind1="0" ind2="5" tag="780"><subfield code="t">Mangum mirror</subfield><subfield code="w">(DLC)sn 96087877</subfield><subfield code="w">(OCoLC)34978391</subfield></datafield><datafield ind1="0" ind2="7" tag="785"><subfield code="t">Southwest eagle</subfield></datafield><datafield ind1="0" ind2="7" tag="785"><subfield code="t">Mangum star and southwest eagle</subfield><subfield code="w">(DLC)sn 96087871</subfield><subfield code="w">(OCoLC)34975349</subfield></datafield></record>